@STRING{arXiv = "arXiv"}
@STRING{CVPR = "Proc. {IEEE} Conf. CVPR"}
@STRING{ICCV = "Proc. {IEEE} ICCV"}
@STRING{NIPS = "Proc. NeurIPS"}
@STRING{ECCV = "Proc. ECCV"}
@STRING{ICLR = "Proc. ICLR"}
@STRING{ACL = "Proc. ACL"}
@STRING{ICML = "Proc. ICML"}

@STRING{IJCV = "Int. J. Comput. Vis."}
@STRING{TPAMI = "{IEEE} Trans. Pattern Anal. and Mach. Intell."}
@STRING{NeuralComp = "Neural Computation"}
@STRING{JAIR="J. Arti. Intel. Res."}
@STRING{TACL="Trans. Assoc. Comp. Lingui."}




@STRING{AAAI = "Proc. AAAI"}
@STRING{ACMMM = "Proc. ACM Multimedia"}
@STRING{AVSS = "Proc. AVSS"}
@STRING{BMVC = "Proc. BMVC"}
@STRING{KDD = "Proc. ACM SIGKDD Int. Conf. Knowl. Dis. Data Min."}
@STRING{WACV = "Proc. {IEEE} WACV"}
@STRING{ICDM = "Proc. ICDM"}
@STRING{IJCAI = "Proc. IJCAI"}
@STRING{ICIAP = "Proc. ICIAP"}
@STRING{ICAISC = "Proc. ICAISC"}
@STRING{ICIST = "Proc. ICIST"}
@STRING{ICIP = "Proc. ICIP"}
@STRING{ICRA = "Proc. ICRA"}
@STRING{ICME = "Proc. ICME"}
@STRING{ICPR = "Proc. ICPR"}

@STRING{JMLR = "J. Mach. Learn. Res."}
@STRING{TIP = "{IEEE} Trans. Image Process."}
@STRING{CACM = "Comm. ACM"}
@STRING{IVC = "Image Vis. Comput."}
@STRING{CSVT = "{IEEE} Trans. Cir. and Sys. for Video Technol."}
@STRING{CVIU = "Comput. Vis. and Image Underst."}
@STRING{IAPRS = "Int. Arch. of Photogrammetry and Remote Sensing"}
@STRING{IT = "{IEEE} Trans. Inf. Theory"}



@inproceedings{antol2015vqa,
  title={Vqa: Visual question answering},
  author={Antol, Stanislaw and Agrawal, Aishwarya and Lu, Jiasen and Mitchell, Margaret and Batra, Dhruv and Lawrence Zitnick, C and Parikh, Devi},
  booktitle=ICCV,
  pages={2425--2433},
  year={2015}
}


@inproceedings{banerjee2005meteor,
  title={METEOR: An automatic metric for MT evaluation with improved correlation with human judgments},
  author={Banerjee, Satanjeev and Lavie, Alon},
  booktitle=ACL,
  pages={65--72},
  year={2005}
}


@inproceedings{caba2015activitynet,
  title={Activitynet: A large-scale video benchmark for human activity understanding},
  author={Caba Heilbron, Fabian and Escorcia, Victor and Ghanem, Bernard and Carlos Niebles, Juan},
  booktitle=CVPR,
  pages={961--970},
  year={2015}
}


@inproceedings{chung2014empirical,
  title={Empirical evaluation of gated recurrent neural networks on sequence modeling},
  author={Chung, Junyoung and Gulcehre, Caglar and Cho, KyungHyun and Bengio, Yoshua},
  booktitle=arXiv,
  year={2014}
}


@inproceedings{das2017visual,
  title={Visual dialog},
  author={Das, Abhishek and Kottur, Satwik and Gupta, Khushi and Singh, Avi and Yadav, Deshraj and Moura, Jos{\'e} MF and Parikh, Devi and Batra, Dhruv},
  booktitle=CVPR,
  pages={326--335},
  year={2017}
}


@inproceedings{demirel2017attributes2classname,
  title={Attributes2classname: A discriminative model for attribute-based unsupervised zero-shot learning},
  author={Demirel, Berkan and Gokberk Cinbis, Ramazan and Ikizler-Cinbis, Nazli},
  booktitle=ICCV,
  pages={1232--1241},
  year={2017}
}


@inproceedings{dosovitskiy2016generating,
  title={Generating images with perceptual similarity metrics based on deep networks},
  author={Dosovitskiy, Alexey and Brox, Thomas},
  booktitle=NIPS,
  pages={658--666},
  year={2016}
}


@inproceedings{farhadi2009describing,
  title={Describing objects by their attributes},
  author={Farhadi, Ali and Endres, Ian and Hoiem, Derek and Forsyth, David},
  booktitle=CVPR,
  pages={1778--1785},
  year={2009}
}


@article{fei2006one,
  title={One-shot learning of object categories},
  author={Fei-Fei, Li and Fergus, Rob and Perona, Pietro},
  journal=TPAMI,
  volume={28},
  number={4},
  pages={594--611},
  year={2006},
}


@inproceedings{feng2018video,
  title={Video re-localization},
  author={Feng, Yang and Ma, Lin and Liu, Wei and Zhang, Tong and Luo, Jiebo},
  booktitle=ECCV,
  pages={51--66},
  year={2018}
}


@inproceedings{frome2013devise,
  title={Devise: A deep visual-semantic embedding model},
  author={Frome, Andrea and Corrado, Greg S and Shlens, Jon and Bengio, Samy and Dean, Jeff and Ranzato, Marc'Aurelio and Mikolov, Tomas},
  booktitle=NIPS,
  pages={2121--2129},
  year={2013}
}


@inproceedings{gao2017tall,
  title={Tall: Temporal activity localization via language query},
  author={Gao, Jiyang and Sun, Chen and Yang, Zhenheng and Nevatia, Ram},
  booktitle=ICCV,
  pages={5267--5275},
  year={2017}
}



@inproceedings{he2015delving,
  title={Delving deep into rectifiers: Surpassing human-level performance on imagenet classification},
  author={He, Kaiming and Zhang, Xiangyu and Ren, Shaoqing and Sun, Jian},
  booktitle=ICCV,
  pages={1026--1034},
  year={2015}
}


@inproceedings{he2016deep,
  title={Deep residual learning for image recognition},
  author={He, Kaiming and Zhang, Xiangyu and Ren, Shaoqing and Sun, Jian},
  booktitle=CVPR,
  pages={770--778},
  year={2016}
}


@inproceedings{he2017mask,
  title={Mask r-cnn},
  author={He, Kaiming and Gkioxari, Georgia and Doll{\'a}r, Piotr and Girshick, Ross},
  booktitle=ICCV,
  pages={2961--2969},
  year={2017}
}


@inproceedings{herzig2018mapping,
  title={Mapping images to scene graphs with permutation-invariant structured prediction},
  author={Herzig, Roei and Raboh, Moshiko and Chechik, Gal and Berant, Jonathan and Globerson, Amir},
  booktitle=NIPS,
  pages={7211--7221},
  year={2018}
}


@article{hochreiter1997long,
  title={Long short-term memory},
  author={Hochreiter, Sepp and Schmidhuber, J{\"u}rgen},
  journal=NeuralComp,
  volume={9},
  number={8},
  pages={1735--1780},
  year={1997}
}


@article{hodosh2013framing,
  title={Framing image description as a ranking task: Data, models and evaluation metrics},
  author={Hodosh, Micah and Young, Peter and Hockenmaier, Julia},
  journal=JAIR,
  volume={47},
  pages={853--899},
  year={2013}
}


@inproceedings{jae2018tensorize,
  title={Tensorize, factorize and regularize: Robust visual relationship learning},
  author={Jae Hwang, Seong and Ravi, Sathya N and Tao, Zirui and Kim, Hyunwoo J and Collins, Maxwell D and Singh, Vikas},
  booktitle=CVPR,
  pages={1014--1023},
  year={2018}
}


@inproceedings{jiang2017learning,
  title={Learning discriminative latent attributes for zero-shot classification},
  author={Jiang, Huajie and Wang, Ruiping and Shan, Shiguang and Yang, Yi and Chen, Xilin},
  booktitle=ICCV,
  pages={4223--4232},
  year={2017}
}


@inproceedings{johnson2015image,
  title={Image retrieval using scene graphs},
  author={Johnson, Justin and Krishna, Ranjay and Stark, Michael and Li, Li-Jia and Shamma, David and Bernstein, Michael and Fei-Fei, Li},
  booktitle=CVPR,
  pages={3668--3678},
  year={2015}
}


@inproceedings{karpathy2015deep,
  title={Deep visual-semantic alignments for generating image descriptions},
  author={Karpathy, Andrej and Fei-Fei, Li},
  booktitle=CVPR,
  pages={3128--3137},
  year={2015}
}


@inproceedings{kirillov2019panoptic,
  title={Panoptic segmentation},
  author={Kirillov, Alexander and He, Kaiming and Girshick, Ross and Rother, Carsten and Doll{\'a}r, Piotr},
  booktitle=CVPR,
  pages={9404--9413},
  year={2019}
}


@inproceedings{krishna2017dense,
  title={Dense-captioning events in videos},
  author={Krishna, Ranjay and Hata, Kenji and Ren, Frederic and Fei-Fei, Li and Carlos Niebles, Juan},
  booktitle=ICCV,
  pages={706--715},
  year={2017}
}

@article{krishna2017visual,
  title={Visual genome: Connecting language and vision using crowdsourced dense image annotations},
  author={Krishna, Ranjay and Zhu, Yuke and Groth, Oliver and Johnson, Justin and Hata, Kenji and Kravitz, Joshua and Chen, Stephanie and Kalantidis, Yannis and Li, Li-Jia and Shamma, David A and others},
  journal=IJCV,
  volume={123},
  number={1},
  pages={32--73},
  year={2017}
}


@inproceedings{krizhevsky2012imagenet,
  title={Imagenet classification with deep convolutional neural networks},
  author={Krizhevsky, Alex and Sutskever, Ilya and Hinton, Geoffrey E},
  booktitle=NIPS,
  pages={1097--1105},
  year={2012}
}


@inproceedings{lampert2009learning,
  title={Learning to detect unseen object classes by between-class attribute transfer},
  author={Lampert, Christoph H and Nickisch, Hannes and Harmeling, Stefan},
  booktitle=CVPR,
  pages={951--958},
  year={2009},
}


@inproceedings{lin2002manual,
  title={Manual and automatic evaluation of summaries},
  author={Lin, Chin-Yew and Hovy, Eduard},
  booktitle=ACL,
  pages={45--51},
  year={2002},
  organization={Association for Computational Linguistics}
}


@inproceedings{lin2014microsoft,
  title={Microsoft coco: Common objects in context},
  author={Lin, Tsung-Yi and Maire, Michael and Belongie, Serge and Hays, James and Perona, Pietro and Ramanan, Deva and Doll{\'a}r, Piotr and Zitnick, C Lawrence},
  booktitle=ECCV,
  pages={740--755},
  year={2014},
  organization={Springer}
}


@inproceedings{newell2017pixels,
  title={Pixels to graphs by associative embedding},
  author={Newell, Alejandro and Deng, Jia},
  booktitle=NIPS,
  pages={2171--2180},
  year={2017}
}


@inproceedings{norouzi2014zero,
  title={Zero-shot learning by convex combination of semantic embeddings},
  author={Norouzi, Mohammad and Mikolov, Tomas and Bengio, Samy and Singer, Yoram and Shlens, Jonathon and Frome, Andrea and Corrado, Greg S and Dean, Jeffrey},
  booktitle=ICLR,
  year={2014}
}


@inproceedings{papineni2002bleu,
  title={BLEU: a method for automatic evaluation of machine translation},
  author={Papineni, Kishore and Roukos, Salim and Ward, Todd and Zhu, Wei-Jing},
  booktitle=ACL,
  pages={311--318},
  year={2002},
  organization={Association for Computational Linguistics}
}


@inproceedings{patterson2012sun,
  title={Sun attribute database: Discovering, annotating, and recognizing scene attributes},
  author={Patterson, Genevieve and Hays, James},
  booktitle=CVPR,
  pages={2751--2758},
  year={2012},
}


@inproceedings{redmon2017yolo9000,
  title={YOLO9000: better, faster, stronger},
  author={Redmon, Joseph and Farhadi, Ali},
  booktitle=CVPR,
  year={2017}
}


@article{regneri2013grounding,
  title={Grounding action descriptions in videos},
  author={Regneri, Michaela and Rohrbach, Marcus and Wetzel, Dominikus and Thater, Stefan and Schiele, Bernt and Pinkal, Manfred},
  journal=TACL,
  volume={1},
  pages={25--36},
  year={2013},
  publisher={MIT Press}
}


@inproceedings{ren2015faster,
  title={Faster r-cnn: Towards real-time object detection with region proposal networks},
  author={Ren, Shaoqing and He, Kaiming and Girshick, Ross and Sun, Jian},
  booktitle=NIPS,
  pages={91--99},
  year={2015}
}


@inproceedings{romera2015embarrassingly,
  title={An embarrassingly simple approach to zero-shot learning},
  author={Romera-Paredes, Bernardino and Torr, Philip},
  booktitle=ICML,
  pages={2152--2161},
  year={2015}
}

@article{russakovsky2015imagenet,
  title={Imagenet large scale visual recognition challenge},
  author={Russakovsky, Olga and Deng, Jia and Su, Hao and Krause, Jonathan and Satheesh, Sanjeev and Ma, Sean and Huang, Zhiheng and Karpathy, Andrej and Khosla, Aditya and Bernstein, Michael and others},
  journal=IJCV,
  volume={115},
  number={3},
  pages={211--252},
  year={2015},
}


@inproceedings{simonyan2015very,
  title={Very deep convolutional networks for large-scale image recognition},
  author={Simonyan, Karen and Zisserman, Andrew},
  booktitle=ICLR,
  year={2015}
}


@inproceedings{vedantam2015cider,
  title={Cider: Consensus-based image description evaluation},
  author={Vedantam, Ramakrishna and Lawrence Zitnick, C and Parikh, Devi},
  booktitle=CVPR,
  pages={4566--4575},
  year={2015}
}


@inproceedings{vinyals2015show,
  title={Show and tell: A neural image caption generator},
  author={Vinyals, Oriol and Toshev, Alexander and Bengio, Samy and Erhan, Dumitru},
  booktitle=CVPR,
  pages={3156--3164},
  year={2015}
}


@article{wah2011caltech,
  title={The caltech-ucsd birds-200-2011 dataset},
  author={Wah, Catherine and Branson, Steve and Welinder, Peter and Perona, Pietro and Belongie, Serge},
  year={2011},
}


@inproceedings{xian2017zero,
  title={Zero-shot learning-the good, the bad and the ugly},
  author={Xian, Yongqin and Schiele, Bernt and Akata, Zeynep},
  booktitle=CVPR,
  pages={4582--4591},
  year={2017}
}


@inproceedings{xu2017scene,
  title={Scene graph generation by iterative message passing},
  author={Xu, Danfei and Zhu, Yuke and Choy, Christopher B and Fei-Fei, Li},
  booktitle=CVPR,
  pages={5410--5419},
  year={2017}
}


@inproceedings{yang2018graph,
  title={Graph r-cnn for scene graph generation},
  author={Yang, Jianwei and Lu, Jiasen and Lee, Stefan and Batra, Dhruv and Parikh, Devi},
  booktitle=ECCV,
  pages={670--685},
  year={2018}
}


@article{young2014image,
  title={From image descriptions to visual denotations: New similarity metrics for semantic inference over event descriptions},
  author={Young, Peter and Lai, Alice and Hodosh, Micah and Hockenmaier, Julia},
  journal=TACL,
  volume={2},
  pages={67--78},
  year={2014},
  publisher={MIT Press}
}


@inproceedings{yuan2019find,
  title={To find where you talk: Temporal sentence localization in video with attention based location regression},
  author={Yuan, Yitian and Mei, Tao and Zhu, Wenwu},
  booktitle=AAAI,
  volume={33},
  pages={9159--9166},
  year={2019}
}


@inproceedings{zeiler2012adadelta,
  title={Adadelta: an adaptive learning rate method},
  author={Zeiler, Matthew D},
  booktitle=arXiv,
  year={2012}
}


@inproceedings{zellers2018neural,
  title={Neural motifs: Scene graph parsing with global context},
  author={Zellers, Rowan and Yatskar, Mark and Thomson, Sam and Choi, Yejin},
  booktitle=CVPR,
  pages={5831--5840},
  year={2018}
}


@inproceedings{zhang2019graphical,
  title={Graphical Contrastive Losses for Scene Graph Parsing},
  author={Zhang, Ji and Shih, Kevin J and Elgammal, Ahmed and Tao, Andrew and Catanzaro, Bryan},
  booktitle=CVPR,
  pages={11535--11543},
  year={2019}
}